@article{dijkstra1959note,
  title={A note on two problems in connexion with graphs},
  author={Dijkstra, Edsger W},
  journal={Numerische mathematik},
  volume={1},
  number={1},
  pages={269--271},
  year={1959},
  publisher={Springer}
}

@inproceedings{goldberg2005computing,
  title={Computing the shortest path: A search meets graph theory},
  author={Goldberg, Andrew V and Harrelson, Chris},
  booktitle={Proceedings of the sixteenth annual ACM-SIAM symposium on Discrete algorithms},
  pages={156--165},
  year={2005},
  organization={Society for Industrial and Applied Mathematics}
}

@article{henzinger1997faster,
  title={Faster shortest-path algorithms for planar graphs},
  author={Henzinger, Monika R and Klein, Philip and Rao, Satish and Subramanian, Sairam},
  journal={Journal of Computer and System Sciences},
  volume={55},
  number={1},
  pages={3--23},
  year={1997},
  publisher={Elsevier}
}

@article{chandy1982distributed,
  title={Distributed computation on graphs: Shortest path algorithms},
  author={Chandy, K Mani and Misra, Jayadev},
  journal={Communications of the ACM},
  volume={25},
  number={11},
  pages={833--837},
  year={1982},
  publisher={ACM}
}

@Misc{gexf,
 title = {GEXF format},
 note = {http://gexf.net/format/}
}
